@inproceedings{DBLP:conf/diau/Raymond00,
	author    = {Jean{-}Fran{\c{c}}ois Raymond},
	booktitle = {Workshop on Design Issues in Anonymity and Unobservability},
	pages     = {10--29},
	publisher = {Springer},
	series    = {Lecture Notes in Computer Science},
	title     = {Traffic Analysis: Protocols, Attacks, Design Issues, and Open Problems},
	volume    = {2009},
	year      = {2000},
}

@inproceedings{DBLP:conf/icccn/PanchenkoWPA09,
	author    = {Andriy Panchenko and Benedikt Westermann and Lexi Pimenidis and Christer Andersson},
	booktitle = {{ICCCN}},
	pages     = {1--7},
	publisher = {{IEEE} Computer Society},
	title     = {{SHALON:} Lightweight Anonymization Based on Open Standards},
	year      = {2009},
}

@techreport{ios-security-2018-08,
	author    = {{Apple Inc.}},
	month     = {8},
	title     = {iOS Security – iOS 11.4},
	type      = {White paper},
	url       = {https://www.apple.com/business/docs/iOS_Security_Guide.pdf},
	year      = {2018},
}

@techreport{secretsharing-whitepaper,
	author    = {Maximilian Blochberger},
	month     = {8},
	title     = {Sharing Secrets between Mobile Devices},
	type      = {White paper},
	url       = {https://github.com/AppPETs/SecretSharing-Whitepaper},
	year      = {2018},
}
